@article{autoconf,
author = {},
title = {Autoconf},
journal = {GNU Operating system site, "\url{http://www.gnu.org/software/autoconf/autoconf.html }",},
year = 2016,
volume = {-1},
}

@article{libtool,
author = {},
title = {Libtool},
journal = {GNU Operating System site, "\url{http://www.gnu.org/software/libtool/libtool.html}",},
year = 2016,
volume = {-1},
}

@article{automake,
author = {},
title = {AutoMake},
journal = {GNU Operating System site, "\url{http://www.gnu.org/software/automake/automake.html}",},
year = 2016,
volume = {-1},
}

